<record xmlns="http://www.loc.gov/MARC21/slim" xmlns:xsi="http://www.w3.org/2001/XMLSchema-instance" xsi:schemaLocation="http://www.loc.gov/MARC21/slim http://www.loc.gov/standards/marcxml/schema/MARC21slim.xsd"><leader>01721nam a2200325   4500</leader><controlfield tag="001">002070661</controlfield><controlfield tag="003">NNU</controlfield><controlfield tag="006">m        d        </controlfield><controlfield tag="007">cr cn |||m|||a</controlfield><controlfield tag="008">140707r19851892ir      o     000 0 arard</controlfield><datafield ind1=" " ind2=" " tag="040"><subfield code="a">NNU</subfield><subfield code="b">eng</subfield><subfield code="c">NNU</subfield></datafield><datafield ind1=" " ind2="4" tag="050"><subfield code="a">PJ6161.T343</subfield><subfield code="b">I25 1985x</subfield></datafield><datafield ind1="1" ind2=" " tag="100"><subfield code="6">880-01</subfield><subfield code="a">Ibn al-Fanna&#772;ri&#772;, H&#803;asan Chalabi&#772; ibn Muh&#803;ammad Sha&#772;h,</subfield><subfield code="d">1436-1481.</subfield></datafield><datafield ind1="1" ind2="0" tag="245"><subfield code="6">880-02</subfield><subfield code="a">H&#803;a&#772;shiyat al-Mut&#803;awwal</subfield><subfield code="h">[electronic resource] /</subfield><subfield code="c">H&#803;asan al-Chalabi&#772;.</subfield></datafield><datafield ind1=" " ind2=" " tag="260"><subfield code="6">880-03</subfield><subfield code="a">Qum :</subfield><subfield code="b">Manshu&#772;ra&#772;t al-Shari&#772;f al-Rad&#803;i&#772;,</subfield><subfield code="c">1406 [1985 or 1986]</subfield></datafield><datafield ind1=" " ind2=" " tag="300"><subfield code="a">online resource (586, 8 p.)</subfield></datafield><datafield ind1=" " ind2=" " tag="500"><subfield code="a">Originally published: [Istanbul] : Mat&#803;ba&#699;at Sharikat al-S&#803;ih&#803;a&#772;fi&#772;yah al-&#699;Uthma&#772;ni&#772;yah, 1309 [1892].</subfield></datafield><datafield ind1=" " ind2=" " tag="500"><subfield code="a">Part of the Arabic Collections Online (ACO) project, contributed by New York Univeristy Libraries.</subfield></datafield><datafield ind1=" " ind2=" " tag="533"><subfield code="a">Electronic reproduction.</subfield><subfield code="b">New York, N.Y. :</subfield><subfield code="c">New York University,</subfield><subfield code="d">2014.</subfield><subfield code="5">NNU</subfield></datafield><datafield ind1=" " ind2="0" tag="650"><subfield code="a">Arabic language</subfield><subfield code="x">Rhetoric</subfield><subfield code="v">Early works to 1800.</subfield></datafield><datafield ind1="1" ind2="0" tag="600"><subfield code="a">Tafta&#772;za&#772;ni&#772;, Mas&#699;u&#772;d ibn &#699;Umar,</subfield><subfield code="d">1322-1389?</subfield><subfield code="t">Mut&#803;awwal.</subfield></datafield><datafield ind1="1" ind2="2" tag="700"><subfield code="a">Tafta&#772;za&#772;ni&#772;, Mas&#699;u&#772;d ibn &#699;Umar,</subfield><subfield code="d">1322-1389?</subfield><subfield code="t">Mut&#803;awwal.</subfield></datafield><datafield ind1="2" ind2=" " tag="710"><subfield code="a">New York University.</subfield><subfield code="b">Libraries.</subfield></datafield><datafield ind1="0" ind2=" " tag="730"><subfield code="a">Arabic Collections Online.</subfield></datafield><datafield ind1="0" ind2="8" tag="776"><subfield code="i">Print version:</subfield><subfield code="a">Ibn al-Fanna&#772;ri&#772;, H&#803;asan Chalabi&#772; ibn Muh&#803;ammad Sha&#772;h, 1436-1481.</subfield><subfield code="t">H&#803;a&#772;shiyat al-Mut&#803;awwal</subfield><subfield code="w">(NNU)002070661</subfield><subfield code="w">(OCoLC)27745811</subfield></datafield><datafield ind1="4" ind2="0" tag="856"><subfield code="u">http://hdl.handle.net/2333.1/m0cfxrhc</subfield></datafield><datafield ind1="0" ind2=" " tag="880"><subfield code="6">100-01/r</subfield><subfield code="a">&#1581;&#1587;&#1606; &#1575;&#1604;&#1670;&#1604;&#1576;&#1609;.</subfield></datafield><datafield ind1="1" ind2="0" tag="880"><subfield code="6">245-02/r</subfield><subfield code="a">&#1581;&#1575;&#1588;&#1610;&#1577; &#1575;&#1604;&#1605;&#1591;&#1608;&#1604; /</subfield><subfield code="c">&#1578;&#1571;&#1604;&#1610;&#1601; &#1581;&#1587;&#1606; &#1575;&#1604;&#1670;&#1604;&#1576;&#1609;.</subfield></datafield><datafield ind1=" " ind2=" " tag="880"><subfield code="6">260-03/r</subfield><subfield code="a">&#1602;&#1605; :</subfield><subfield code="b">&#1605;&#1606;&#1588;&#1608;&#1585;&#1575;&#1578; &#1575;&#1604;&#1588;&#1585;&#1610;&#1601; &#1575;&#1604;&#1585;&#1590;&#1610;&#1548;</subfield><subfield code="c">&#1633;&#1636;&#1632;&#1638;.</subfield></datafield><datafield ind1=" " ind2=" " tag="959"><subfield code="a">NNU</subfield><subfield code="b">WEB</subfield><subfield code="c">GENI</subfield><subfield code="t">0</subfield><subfield code="m">Electronic access</subfield><subfield code="s">01</subfield></datafield></record>